@InProceedings{C2,
  author = 	 "Jones, C.D. and Smith, A.B. and Roberts, E.F.",
  booktitle =        "Proceedings Title",
  organization = "IEEE",
  year = 	 "2003",
  volume = 	 "II",
  pages = 	 "803-806"
}

@InProceedings{Mor06,
  author = "Morrissy, R.T. and Weinstein, S.L.",
  booktitle = "Lippincott Williams and Wilkins",
  year = "2006"
  pages = "694-762"
}

@InProceedings{Hae06,
  author = "Haefeli, M. and Elfering, A. and Kilian, R. and Min, K. and Boos, N."
  booktitle = "Spine",
  volume = "31",
  issue = "3",
  pages = "355-366"
}

